
@article{doan2019tracing,
  author={Trinh Viet {Doan} and Ljubica {Pajevic} and Vaibhav {Bajpai}
                  and J{\"o}rg {Ott}},
  journal={IEEE Communications Magazine}, 
  title={Tracing the Path to YouTube: A Quantification of Path Lengths
                  and Latencies Toward Content Caches}, 
  year={2019},
  volume={57},
  number={1},
  pages={80-86},
  doi={10.1109/MCOM.2018.1800132}
}

@article{asrese2019measuring,
  title = "Measuring Web Latency and Rendering Performance: Method,
                  Tools \& Longitudinal Dataset",
  keywords = "Web Latency, Web Performance, Web Rendering, WePR, Web QoE",
  author = "{Alemnew Shefaraw} Asrese and Eravuchira, {Steffie Jacob}
                  and Vaibhav Bajpai and Pasi Sarolahti and J{\"o}rg
                  Ott",
  year = "2019",
  month = jun,
  doi = "10.1109/TNSM.2019.2896710",
  language = "English",
  volume = "16",
  pages = "535--549",
  journal = "IEEE Transactions on Network and Service Management",
  issn = "1932-4537",
  publisher = "IEEE",
  number = "2",
}
