@inproceedings{ni2003hierarchical,
  author = {Ni, J. and Tsang, D.H.K. and Yeung, I.S.H. and Hei, X.},
  year = {2003},
  month = {06},
  pages = {854 - 859 vol.2},
  booktitle={IEEE International Conference on Communications, 2003. ICC '03.}, 
  title = {Hierarchical content routing in large-scale multimedia content delivery network},
  isbn = {0-7803-7802-4}
}

@inproceedings{triukose2011measuring,
  author = {Triukose, S. and Wen, Z. and Rabinovich, M.},
  title = {Measuring a Commercial Content Delivery Network},
  year = {2011},
  isbn = {9781450306324},
  publisher = {ACM},
  address = {New York, NY, USA},
  booktitle = {Proceedings of the 20th International Conference on World Wide Web},
  pages = {467–476},
  numpages = {10},
  keywords = {content delivery networks, akamai, cdn performance},
  location = {Hyderabad, India},
  series = {WWW '11}
}

@article{kermarrec2015want,
  title={Want to scale in centralized systems? Think {P2P}},
  author={Kermarrec, A.-M. and Ta{\"\i}ani, F.},
  journal={Journal of Internet Services and Applications},
  volume={6},
  number={1},
  pages={1--12},
  year={2015},
  publisher={SpringerOpen}
}

@InProceedings{maymounkov2002kademlia,
  author="Maymounkov, P. and Mazi{\`e}res, D.",
  title="Kademlia: A Peer-to-Peer Information System Based on the XOR Metric",
  booktitle="Peer-to-Peer Systems",
  year="2002",
  publisher="Springer Berlin Heidelberg",
  pages="53--65",
  isbn="978-3-540-45748-0"
}

@article{knight2011internet,
  author = {Knight, S. and Nguyen, H. X. and Falkner, N.
                  and Bowden, R. and Roughan, M.},
  title = {The Internet Topology Zoo},
  affiliation = {University of Adelaide, Australia},
  journal = {IEEE Journal on Selected Areas in Communications},
  keywords = {Network topology; Topology; Companies; Internet topology; Current measurement; Accuracy; IP networks; graph format; graph theory},
  language = {Undetermined},
  number = {9},
  pages = {1765 - 1775},
  volume = {29},
  year = {2011},
}

@article{jelasity2007gossip,
  title={Gossip-based peer sampling},
  author={Jelasity, M. and Voulgaris, S. and Guerraoui,
                  R. and Kermarrec, A.-M. and Van Steen,
                  M.},
  journal={ACM Transactions on Computer Systems (TOCS)},
  volume={25},
  number={3},
  pages={8},
  year={2007},
}

%AVK

@misc{ospf,
  author = {RFC2328},
  title = {{OSPF Version 2}},
  howpublished = "\url{https://tools.ietf.org/html/rfc2328}",
  year = {1998}, 
}

@INPROCEEDINGS{snamp, 
  author={A. Afanasyev and C. Yi and L. Wang and B. Zhang and L. Zhang},
  title={{SNAMP}: Secure namespace mapping to scale {NDN} forwarding}, 
  booktitle={2015 IEEE Conference on Computer Communications Workshops}, 
  year={2015}, 
  volume={}, 
  number={}, 
  pages={281-286}, 
  keywords={computer network security;Internet;routing protocols;scale NDN forwarding;named data networking;information-centric design;Internet architecture;application data namespaces;map-and-encap;secure namespace mapping solution;data retrieval;forwarding system;routing protocols;World Wide Web;Routing;Internet;Routing protocols;IP networks;Scalability;Proposals}, 
  ISSN={}, 
month={April},
}

@inproceedings{t-man,
author = {Jelasity, M. and Babaoglu, O.},
year = {2006},
month = {05},
pages = {1-15},
title = {T-Man: Gossip-Based Overlay Topology Management},
volume = {3910},
isbn = {978-3-540-33342-5}
}

@INPROCEEDINGS{voronet,
  author={O. {Beaumont} and A.-M. {Kermarrec} and L.
                  {Marchal} and E. {Rivi{\`e}re}},
  booktitle={2007 IEEE International Parallel and Distributed Processing Symposium}, 
  title={{VoroNet}: A scalable object network based on {Voronoi} tessellations}, 
  year={2007},
  volume={},
  number={},
  pages={1-10}
}

@INPROCEEDINGS{topology-discovery,
  author={Breitbart, Y. and Garofalakis, M. and Martin, C. and Rastogi, R. and Seshadri, S. and Silberschatz, A.},
  booktitle={Proc. IEEE INFOCOM 2000. Conference on Computer Communications. 19th Annual Joint Conference of the IEEE Computer and Communications Societies (Cat. No.00CH37064)}, 
  title={Topology discovery in heterogeneous {IP} networks}, 
  year={2000},
  volume={1},
  number={},
  pages={265-274 vol.1},
}


@article{p2p-oracle,
 author = {Aggarwal, V. and Feldmann, A. and Scheideler, C.},
 title = {Can {ISPS} and {P2P} Users Cooperate for Improved Performance?},
 journal = {SIGCOMM Comput. Commun. Rev.},
 issue_date = {July 2007},
 volume = {37},
 number = {3},
 month = jul,
 year = {2007},
 issn = {0146-4833},
 pages = {29--40},
 numpages = {12},
 acmid = {1273449},
 publisher = {ACM},
 address = {New York, NY, USA},
 keywords = {ISP, P2P, biased neighbor selection, cooperation, routing},
} 

@INPROCEEDINGS{p2p-alto, 
  author={J. Seedorf and S. Kiesel and M. Stiemerling},
  title={Traffic localization for {P2P}-applications: The {ALTO} approach}, 
  booktitle={2009 IEEE 9th International Conference on Peer-to-Peer Computing}, 
  year={2009}, 
  volume={}, 
  number={}, 
  pages={171-177}, 
  keywords={optimisation;peer-to-peer computing;routing protocols;telecommunication network topology;telecommunication traffic;transport protocols;P2P routing layer;network topology;interISP traffic localization;ALTO approach;application layer traffic optimization;IETF ALTO Working Group;caching solution;Telecommunication traffic;Network topology;Protocols;Routing;Delay;Privacy;IP networks;National electric code;Laboratories;Europe;P2P traffic localization;layer cooperation}, 
  ISSN={2161-3559}, 
  month={Sept},
}

@inproceedings{squirrel,
 author = {Iyer, S. and Rowstron, A. and Druschel, P.},
 title = {Squirrel: A Decentralized Peer-to-peer Web Cache},
 booktitle = {Proc. of the Twenty-first Annual Symposium on Principles of Distributed Computing},
 series = {PODC '02},
 year = {2002},
 isbn = {1-58113-485-1},
 location = {Monterey, California},
 pages = {213--222},
 numpages = {10},
 acmid = {571861},
 publisher = {ACM},
 address = {New York, NY, USA},
} 

@article{ipfs,
  author    = {J. Benet},
  title     = {{IPFS} - Content Addressed, Versioned, {P2P} File System},
  journal   = {CoRR},
  volume    = {abs/1407.3561},
  year      = {2014},
  timestamp = {Mon, 13 Aug 2018 16:47:09 +0200}
}

@INPROCEEDINGS{mdht,
 author = {D'Ambrosio, M. and Dannewitz, C. and Karl, H. and Vercellone, V.},
 title = {{MDHT}: A Hierarchical Name Resolution Service for Information-centric Networks},
 booktitle = {Proc. of the ACM SIGCOMM Workshop on Information-centric Networking},
 series = {ICN '11},
 year = {2011},
 isbn = {978-1-4503-0801-4},
 location = {Toronto, Ontario, Canada},
 pages = {7--12},
 numpages = {6},
 acmid = {2018587},
 address = {New York, NY, USA},
 keywords = {flat namespace, hierarchical dht, information-centric, name resolution, name-based routing},
} 

@inproceedings{dht-name-resolution,
 author = {Katsaros, K. V. and Fotiou, N. and Vasilakos,
                  X. and Ververidis, C. N. and
                  Tsilopoulos, C. and Xylomenos, G. and
                  Polyzos, G. C.},
 title = {On Inter-domain Name Resolution for Information-centric Networks},
 booktitle = {Proc. of the 11th International IFIP TC 6 Conference on Networking - Volume Part I},
 series = {IFIP'12},
 year = {2012},
 isbn = {978-3-642-30044-8},
 location = {Prague, Czech Republic},
 pages = {13--26},
 numpages = {14},
 acmid = {2342045},
 publisher = {Springer-Verlag},
 address = {Berlin, Heidelberg},
 keywords = {content-centric, future internet, named data, rendezvous},
} 

@inproceedings{nlsr,
  author = {Hoque, A K M M. and Amin, S. O. and Alyyan,
                  A. and Zhang, B. and Zhang, L. and Wang,
                  L.},
  title = {{NLSR}: Named-data Link State Routing Protocol},
  booktitle = {Proc. of the 3rd ACM SIGCOMM Workshop on Information-centric Networking},
  series = {ICN '13},
  year = {2013},
  isbn = {978-1-4503-2179-2},
  location = {Hong Kong, China},
  pages = {15--20},
  numpages = {6},
  acmid = {2491231},
  address = {New York, NY, USA},
  keywords = {ndn, routing, trust model},
} 

@INPROCEEDINGS{opnl, 
  author={Y. Guan and L. Huang and X. Zhang and Z. Guo}, 
  booktitle={2018 IEEE International Conference on Communications (ICC)}, 
  title={Name-Based Routing with On-Path Name Lookup in Information-Centric Network}, 
  year={2018}, 
  volume={}, 
  number={}, 
  pages={1-6}, 
  keywords={Internet;table lookup;telecommunication network routing;On-path Name Lookup;Information-centric network;name-based routing;name announcement;Routing;Broadcasting;IP networks;Information exchange;Servers;Routing protocols;Data structures}, 
  ISSN={1938-1883}, 
  month={May},
}

@ARTICLE{epidemic-protocol,  
  author={P. T. {Eugster} and R. {Guerraoui} and A.-M.
                  {Kermarrec} and L. {Massouli{\'e}}},  
  journal={Computer},   
  title={Epidemic information dissemination in distributed systems},   
  year={2004},  
  volume={37},  
  number={5},  
  pages={60-67}
}

@article{lpbcast,
  author = {Eugster, P. T. and Guerraoui, R. and Handurukande,
                  S. B. and Kouznetsov, P. and Kermarrec, A.-M.},
  title = {Lightweight Probabilistic Broadcast},
  year = {2003},
  issue_date = {November 2003},
  address = {New York, NY, USA},
  volume = {21},
  number = {4},
  issn = {0734-2071},
  journal = {ACM Transactions on Computer Systems},
  month = nov,
  pages = {341–374},
  numpages = {34},
  keywords = {buffering, garbage collection, Broadcast, gossip,
                  scalability, randomization, reliability, noise}
}

  
@inproceedings{landmarks,
  author = {Ratnasamy, S. and Handley, M. and Karp, R. and Shenker, S.},
  title = {Topologically-Aware Overlay Construction and Server Selection.},
  year = {2002},
  month = {01},
  pages = {},
  volume = {3},
  journal = {Proc. - IEEE INFOCOM}
}

@ARTICLE{garcia-lopez,
  author={J. J. {Garcia-Luna-Aceves} and
                  J. E. {Martinez-Castillo} and R. {Menchaca-Mendez}},
  title={Routing to Multi-Instantiated Destinations: Principles, Practice, and Applications}, 
  journal={IEEE Transactions on Mobile Computing}, 
  year={2018},
  volume={17},
  number={7},
  pages={1696-1709}
}

@INPROCEEDINGS{coin_19,
  author={J. {Xie} and C. {Qian} and D. {Guo} and M.
                  {Wang} and S. {Shi} and H. {Chen}},
  title={Efficient Indexing Mechanism for Unstructured Data Sharing Systems in Edge Computing},
  booktitle={IEEE INFOCOM 2019 - IEEE Conference on Computer Communications}, 
  year={2019},
  volume={},
  number={},
  pages={820-828},
}
  
%AVK

@inproceedings{montresor2009peersim,
  author = {A. Montresor and M. Jelasity},
  title = {{PeerSim}: A Scalable {P2P} Simulator},
  booktitle = {Proc. of the 9th International Conference
                  on Peer-to-Peer (P2P'09)},
  year = {2009},
  pages = {99-100},
  address = {Seattle, WA},
}

@article{lamport1978time,
  author = {Lamport, L.},
  title = {Time, Clocks, and the Ordering of Events in a Distributed System},
  year = {1978},
  issue_date = {July 1978},
  address = {New York, NY, USA},
  volume = {21},
  number = {7},
  issn = {0001-0782},
  journal = {Commun. ACM},
  month = jul,
  pages = {558–565},
  numpages = {8},
  keywords = {computer networks, clock synchronization, multiprocess systems, distributed systems}
}


@techreport{hadzilacos1994modular,
  author = {Hadzilacos, V. and Toueg, S.},
  title = {A Modular Approach to Fault-Tolerant Broadcasts and Related Problems},
  year = {1994},
  publisher = {Cornell University},
  address = {USA}
}

@inproceedings{lue2006scoped,
  author = {Lue, M.-Y. and King, C.-T. and Fang, H.},
  title = {Scoped Broadcast in Structured {P2P} Networks},
  year = {2006},
  isbn = {1595934286},
  address = {New York, NY, USA},
  booktitle = {Proc. of the 1st International Conference on Scalable Information Systems},
  pages = {51–es},
  keywords = {topology, peer-to-peer networking, scoped broadcast, distributed hash table, cardinality},
  location = {Hong Kong},
  series = {InfoScale '06}
}


@INPROCEEDINGS{hsiao2005scoped,
  author = {H.-C. Hsiao and C.-T. King},
  booktitle = {Proc. of the 29th Annual International Computer Software and Applications Conference (COMPSAC 2005)},
  title = {Scoped Broadcast in Dynamic Peer-to-Peer Networks},
  year = {2005},
  volume = {1},
  issn = {0730-3157},
  pages = {533-538},
  keywords = {null},
  publisher = {IEEE Computer Society},
  address = {Los Alamitos, CA, USA},
  month = {jul}
}

@inproceedings{nedelec2018causal,
  TITLE = {{Causal Broadcast: How to Forget?}},
  AUTHOR = {N{\'e}delec, B. and Molli, P. and Mostefaoui, A.},
  BOOKTITLE = {{The 22nd International Conference on Principles of Distributed Systems (OPODIS)}},
  ADDRESS = {Hong Kong, China},
  HAL_LOCAL_REFERENCE = {ACTI},
  YEAR = {2018},
  MONTH = Dec,
  KEYWORDS = {Causal broadcast ; complexity trade-off ; large and dynamic systems},
  HAL_ID = {hal-01923830},
  HAL_VERSION = {v2},
}

@book{raynal2013distributed,
  title={Distributed algorithms for message-passing systems},
  author={Raynal, M.},
  volume={500},
  year={2013},
  publisher={Springer},
  chapter=1
}

@article{nur2018geography,
  author = {Nur, A. Y. and Tozal, M. E.},
  title = {Geography and Routing in the Internet},
  year = {2018},
  issue_date = {October 2018},
  address = {New York, NY, USA},
  volume = {4},
  number = {4},
  issn = {2374-0353},
  journal = {ACM Transactions on Spatial Algorithms and Systems},
  month = sep,
  articleno = {11},
  numpages = {16},
  keywords = {geography, end-to-end paths, Internet routing, ingress-to-egress subpaths}
}

@misc{henningsen2020mapping,
  title={Mapping the Interplanetary Filesystem}, 
  author={S. Henningsen and M. Florian and S. Rust
                  and B. Scheuermann},
  year={2020},
  primaryClass={cs.NI}
}

@inproceedings{hemmati2015namebased,
  author = {Hemmati, E. and Garcia-Luna-Aceves, J. J.},
  title = {A New Approach to Name-Based Link-State Routing for
                  Information-Centric Networks},
  year = {2015},
  isbn = {9781450338554},
  address = {New York, NY, USA},
  booktitle = {Proc. of the 2nd ACM Conference on
                  Information-Centric Networking},
  pages = {29–38},
  numpages = {10},
  keywords = {link-state routing, name-based content routing,
                  information-centric networks},
  location = {San Francisco, California, USA},
  series = {ACM-ICN '15}
}

@techreport{shapiro2011crdts,
  TITLE = {{Conflict-free Replicated Data Types}},
  AUTHOR = {Shapiro, M. and Pregui{\c c}a, N. and Baquero, C.
                  and Zawirski, M.},
  TYPE = {Research Report},
  NUMBER = {RR-7687},
  PAGES = {18},
  YEAR = {2011},
  MONTH = Jul,
  KEYWORDS = {eventual consistency ; replicated shared objects ;
                  large-scale distributed systems},
  PDF = {https://hal.inria.fr/inria-00609399v1/file/RR-7687.pdf},
  HAL_ID = {inria-00609399},
  HAL_VERSION = {v1},
}

@inproceedings{wang2015prodiluvian,
  author = {Wang, L. and Bayhan, S. and Ott, J. and
                  Kangasharju, J. and Sathiaseelan, A. and
                  Crowcroft, J.},
  title = {Pro-Diluvian: Understanding Scoped-Flooding for Content
                  Discovery in Information-Centric Networking},
  year = {2015},
  isbn = {9781450338554},
  address = {New York, NY, USA},
  booktitle = {Proc. of the 2nd ACM Conference on Information-Centric Networking},
  pages = {9–18},
  numpages = {10},
  keywords = {optimisation, content discovery, information-centric
                  networking, scoped-flooding, graph theory},
  location = {San Francisco, California, USA},
  series = {ACM-ICN '15}
}

@article{almeida2007scalable,
  author = "P. S. Almeida and C. Baquero and N.
                  Pregui{\c c}a and D. Hutchison",
  title = "Scalable Bloom Filters",
  journal = "Information Processing Letters",
  volume = "101",
  number = "6",
  pages = "255 - 261",
  year = "2007",
  issn = "0020-0190",
  keywords = "Data structures, Bloom filters, Distributed systems,
                  Randomized algorithms",
}


@INPROCEEDINGS{whitaker2002forwarding,
  author={A. {Whitaker} and D. {Wetherall}},
  booktitle={2002 IEEE Open Architectures and Network Programming
                  Proc.}, 
  title={Forwarding without loops in Icarus}, 
  year={2002},
  volume={},
  number={},
  pages={63-75}
}


% Adrien Introduction

@article{shi2016edge,
  title={Edge computing: Vision and challenges},
  author={Shi, W. and Cao, J. and Zhang, Q. and Li, Y. and Xu, L.},
  journal={IEEE Internet of Things Journal},
  volume={3},
  number={5},
  pages={637--646},
  year={2016},
}

@article{doan2019tracing,
  author={T. V. {Doan} and L. {Pajevic} and V. {Bajpai}
                  and J. {Ott}},
  journal={IEEE Communications Magazine}, 
  title={Tracing the Path to {YouTube}: A Quantification of Path Lengths
                  and Latencies Toward Content Caches}, 
  year={2019},
  volume={57},
  number={1},
  pages={80-86}
}

@article{asrese2019measuring,
  title = "Measuring Web Latency and Rendering Performance: Method,
                  Tools \& Longitudinal Dataset",
  keywords = "Web Latency, Web Performance, Web Rendering, WePR, Web QoE",
  author = "{A. S.} Asrese and Eravuchira, {S. J.}
                  and V. Bajpai and P. Sarolahti and J.
                  Ott",
  year = "2019",
  month = jun,
  language = "English",
  volume = "16",
  pages = "535--549",
  journal = "IEEE Transactions on Network and Service Management",
  issn = "1932-4537",
  number = "2",
}

@incollection{confais2017performance,
  title={Performance analysis of object store systems in a fog and edge computing infrastructure},
  author={Confais, B. and Lebre, A. and Parrein, B.},
  booktitle={Transactions on Large-Scale Data-and Knowledge-Centered Systems XXXIII},
  pages={40--79},
  year={2017},
  publisher={Springer}
}

@inproceedings{confais2017object,
  title={An object store service for a fog/edge computing infrastructure based on {IPFS} and a scale-out {NAS}},
  author={Confais, B. and Lebre, A. and Parrein, B.},
  booktitle={2017 IEEE 1st International Conference on Fog and Edge Computing (ICFEC)},
  pages={41--50},
  year={2017},
  organization={IEEE}
}

@inproceedings{hasenburg2020towards,
  title={Towards a replication service for data-intensive fog applications},
  author={Hasenburg, J. and Grambow, M. and Bermbach, D.},
  booktitle={Proc. of the 35th Annual ACM Symposium on Applied Computing},
  pages={267--270},
  year={2020}
}


@inproceedings{fogstore,
 author = {Gupta, H. and Ramachandran, U.},
 title = {FogStore: A Geo-Distributed Key-Value Store Guaranteeing Low Latency for Strongly Consistent Access},
 booktitle = {Proc. of the 12th ACM International Conference on Distributed and Event-based Systems},
 series = {DEBS '18},
 year = {2018},
 isbn = {978-1-4503-5782-1},
 location = {Hamilton, New Zealand},
 pages = {148--159},
 numpages = {12},
 acmid = {3210297},
 address = {New York, NY, USA},
 keywords = {Distributed key-value stores, context awareness, edge computing, latency-consistency trade-off},
}

@inproceedings{foggy_cache,
 author = {Guo, P. and Hu, B. and Li, R. and Hu, W.},
 title = {{FoggyCache}: Cross-Device Approximate Computation Reuse},
 booktitle = {Proc. of the 24th Annual International Conference on Mobile Computing and Networking},
 series = {MobiCom '18},
 year = {2018},
 isbn = {978-1-4503-5903-0},
 location = {New Delhi, India},
 pages = {19--34},
 numpages = {16},
 acmid = {3241557},
 publisher = {ACM},
 address = {New York, NY, USA},
 keywords = {approximate computing, caching, computation reuse, edge computing},
}

@INPROCEEDINGS{cachier, 
author={U. Drolia and K. Guo and J. Tan and R. Gandhi and P. Narasimhan}, 
booktitle={2017 IEEE 37th International Conference on Distributed Computing Systems (ICDCS)}, 
title={Cachier: Edge-Caching for Recognition Applications}, 
year={2017}, 
volume={}, 
number={}, 
pages={276-286}, 
keywords={cache storage;file servers;image recognition;minimisation;mobile computing;resource allocation;Cachier system;edge caching;image recognition;mobile applications;edge servers;cache latency;caching model;optimizations;latency minimization;load balancing;Image edge detection;Computational modeling;Servers;Cloud computing;Feature extraction;Edge computing;edge computing;cache;image recognition;mobile}, 
ISSN={1063-6927}, 
month={June},}


@article{cassandra,
  author = {Lakshman, A. and Malik, P.},
  title = {Cassandra: A Decentralized Structured Storage System},
  year = {2010},
  issue_date = {April 2010},
  publisher = {ACM},
  address = {New York, NY, USA},
  volume =  {44},
  number = {2},
  issn = {0163-5980},
  journal = {SIGOPS Oper. Syst. Rev.},
  month = apr,
  pages = {35–40},
  numpages = {6}}

@inproceedings{weil2006crush,
  title={{CRUSH}: Controlled, scalable, decentralized placement of replicated data},
  author={Weil, S. A. and Brandt, S. A. and Miller, E. L. and Maltzahn, C.},
  booktitle={Proc. of the 2006 ACM/IEEE conference on Supercomputing},
  pages={122},
  year={2006},
  organization={ACM}
}

@article{birman1999bimodal,
  author = {Birman, K. P. and Hayden, M. and Ozkasap, O. and
                  Xiao, Z. and Budiu, M. and Minsky, Y.},
  title = {Bimodal Multicast},
  year = {1999},
  issue_date = {May 1999},
  address = {New York, NY, USA},
  volume = {17},
  number = {2},
  issn = {0734-2071},
  journal = {ACM Transactions on Computer Systems},
  month = may,
  pages = {41–88},
  numpages = {48}
}
